@article{Flak2022HardwareAcceleratedRS,
  title={Hardware-Accelerated Real-Time Spectrum Analyzer With a Broadband Fast Sweep Feature Based on the Cost-Effective SDR Platform},
  author={Przemys≈Çaw Flak},
  journal={IEEE Access},
  year={2022},
  volume={10},
  pages={110934-110946},
  url={https://api.semanticscholar.org/CorpusID:253124664}
}

@article{Silva2022AgnosticHO,
  title={Agnostic Hardware-Accelerated Operating System for Low-End IoT},
  author={Miguel Silva and Tiago Gomes and Sandro Pinto},
  journal={2022 IEEE 28th International Conference on Embedded and Real-Time Computing Systems and Applications (RTCSA)},
  year={2022},
  pages={21-30},
  url={https://api.semanticscholar.org/CorpusID:252705836}
}

@article{Benmeziane2022RealtimeST,
  title={Real-time style transfer with efficient vision transformers},
  author={Hadjer Benmeziane and Hamza Ouarnoughi and Kaoutar El Maghraoui and Sma{\"i}l Niar},
  journal={Proceedings of the 5th International Workshop on Edge Systems, Analytics and Networking},
  year={2022},
  url={https://api.semanticscholar.org/CorpusID:247617558}
}

@inproceedings{Phillips2006RealTW,
  title={Real Time: what is it and what are we doing about it?},
  author={Richard Phillips and Greg Nelson},
  year={2006},
  url={https://api.semanticscholar.org/CorpusID:110650465}
}

@article{Barbieru2016SoftRH,
  title={Soft Real-Time Hadoop Scheduler for Big Data Processing in Smart Cities},
  author={Ciprian Barbieru and Florin Pop},
  journal={2016 IEEE 30th International Conference on Advanced Information Networking and Applications (AINA)},
  year={2016},
  pages={863-870},
  url={https://api.semanticscholar.org/CorpusID:14751340}
}

@article{Baobaid2022HardwareAF,
  title={Hardware Accelerators for Real-Time Face Recognition: A Survey},
  author={Asma Baobaid and Mahmoud M{\'e}ribout and Varun Kumar Tiwari and Juan Pablo Pe{\~n}a},
  journal={IEEE Access},
  year={2022},
  volume={10},
  pages={83723-83739},
  url={https://api.semanticscholar.org/CorpusID:251461239}
}

@article{Mathew2022RealTimePA,
  title={Real-Time Performance Analysis and Tuning of Embedded System Virtualization Architecture Based on KVM},
  author={Deepa Mathew and Bijoy Antony Jose},
  journal={Int. J. Embed. Real Time Commun. Syst.},
  year={2022},
  volume={13},
  pages={1-20},
  url={https://api.semanticscholar.org/CorpusID:248642229}
}

@article{Saha2018RealTimeAP,
  title={Real-Time Application Processing for FPGA-Based Resilient Embedded Systems in Harsh Environments},
  author={Sangeet Saha and Shoaib Ehsan and Adrian M. Stoica and R. Stolkin and Klaus Dieter Mcdonald-Maier},
  journal={2018 NASA/ESA Conference on Adaptive Hardware and Systems (AHS)},
  year={2018},
  pages={299-304},
  url={https://api.semanticscholar.org/CorpusID:53728483}
}

@article{Hsiung2001VerifiableER,
  title={Verifiable Embedded Real-Time Application Framework},
  author={Pao-Ann Hsiung and Feng-Shi Su and Chuen-Hau Gao and Shu-Yu Cheng and Yu-Ming Chang},
  journal={Proceedings Seventh IEEE Real-Time Technology and Applications Symposium},
  year={2001},
  pages={109-110},
  url={https://api.semanticscholar.org/CorpusID:5647187}
}

@inproceedings{Rettberg2007EmbeddedSD,
  title={Embedded System Design: Topics, Techniques and Trends, IFIP TC10 Working Conference: International Embedded Systems Symposium (IESS), May 30 - June 1, 2007, Irvine, CA, USA},
  author={Achim Rettberg and Mauro Cesar Zanella and Rainer D{\"o}mer and Andreas Gerstlauer and Franz-Josef Rammig},
  booktitle={International Conference on Exploring Services Science},
  year={2007},
  url={https://api.semanticscholar.org/CorpusID:40642743}
}

@article{Elsheikh2023ApplicationsOM,
  title={Applications of machine learning in friction stir welding: Prediction of joint properties, real-time control and tool failure diagnosis},
  author={Ammar H. Elsheikh},
  journal={Eng. Appl. Artif. Intell.},
  year={2023},
  volume={121},
  pages={105961},
  url={https://api.semanticscholar.org/CorpusID:256889533}
}

@article{Ghorbani2018RealtimeHT,
  title={Real-time hardware-in-the-loop test for a small upper stage embedded control system},
  author={Mehrdad Ghorbani and Milad Pasand and Alireza Ghasem Bayati and Neda Baheri},
  journal={2018 Real-Time and Embedded Systems and Technologies (RTEST)},
  year={2018},
  pages={96-103},
  url={https://api.semanticscholar.org/CorpusID:49600955}
}
