%Referencias bibliograficas Marco Teorico
%sensores

@article{GonzlezVidal2022DiseoYE, %1
  title={Dise{\~n}o y evaluaci{\'o}n de sensores para su implementaci{\'o}n en el desarrollo de una lengua electr{\'o}nica},
  author={Jos{\'e} Luis Gonz{\'a}lez-Vidal and Francisco Morales-Jim{\'e}nez and Noem{\'i} Andrade-L{\'o}pez and Carlos Andr{\'e}s Gal{\'a}n-Vidal},
  journal={T{\'o}picos de Investigaci{\'o}n en Ciencias de la Tierra y Materiales},
  year={2022},
  url={https://api.semanticscholar.org/CorpusID:249056313}
}

@inproceedings{Medina2019ConstruccinDP, %2
  title={Construcci{\'o}n del prototipo de una planta para el control de procesos industriales, como apoyo en las pr{\'a}cticas del {\'a}rea de control de la Licenciatura en Electr{\'o}nica},
  author={Christian Alejandro Bastidas Medina and William El{\'i}as Medina Ru{\'i}z},
  year={2019},
  url={https://api.semanticscholar.org/CorpusID:190459311}
}

@inproceedings{Areny2014RedesID, %3
  title={Redes inal{\'a}mbricas de sensores en aplicaciones agroambientales},
  author={Ram{\'o}n Pall{\'a}s Areny and {\'O}scar Casas Piedrafita},
  year={2014},
  url={https://api.semanticscholar.org/CorpusID:169730146}
}

@inproceedings{Saquinga2019ImplementacinDU, %4
  title={Implementaci{\'o}n de un sistema de entrenamiento para medici{\'o}n y an{\'a}lisis de se{\~n}ales el{\'e}ctricas y caracterizaci{\'o}n de sensores e instrumentos para el Laboratorio de Electr{\'o}nica de la Facultad de Mec{\'a}nica.},
  author={Aguagallo Saquinga and Franklin Iv{\'a}n},
  year={2019},
  url={https://api.semanticscholar.org/CorpusID:219275243}
}

@inproceedings{Quintero2019DiseoEI, %5
  title={Dise{\~n}o e implementaci{\'o}n de equipo para prueba y diagn{\'o}stico de sensores y actuadores del sistema de inyecci{\'o}n electr{\'o}nica para veh{\'i}culos livianos a gasolina (EasyPro 1.0)},
  author={Cabrera Quintero and Didier Lerroy},
  year={2019},
  url={https://api.semanticscholar.org/CorpusID:226812919}
}

@inproceedings{Caballero2011AplicacinDS, %6
  title={Aplicaci{\'o}n de sensores en enolog{\'i}a. Nariz electr{\'o}nica},
  author={Juan Mariano Cabellos Caballero},
  year={2011},
  url={https://api.semanticscholar.org/CorpusID:181070334}
}

@inproceedings{Arrieta2017CapacidadDD, %7
  title={Capacidad de discriminaci{\'o}n de dos redes de sensores como unidades sensibles de una mini-lengua electr{\'o}nica sobre muestras de leche},
  author={{\'A}lvaro A. Arrieta and Jorge Aguilera D{\'i}az and Manuel Palencia},
  year={2017},
  url={https://api.semanticscholar.org/CorpusID:115960037}
}

@inproceedings{Moreno2016MatrizDS, %8
  title={Matriz de sensores: fundamento de la nariz electr{\'o}nica},
  author={Iveth Moreno and Jos{\'e} Serrac{\'i}n},
  year={2016},
  url={https://api.semanticscholar.org/CorpusID:172091081}
}


% Control automatico
@article{HernnGascuea2024ProtocoloDM, %1
  title={Protocolo de medidas preventivas para el control de las infecciones de transmisi{\'o}n a{\'e}rea en hemodi{\'a}lisis},
  author={David Hern{\'a}n Gascue{\~n}a and Paula Manso del Real},
  journal={Procedimientos y Protocolos con Competencias Espec{\'i}ficas para Enfermer{\'i}a Nefrol{\'o}gica},
  year={2024},
  url={https://api.semanticscholar.org/CorpusID:267476381}
}

@inproceedings{Quillagana2016ElaboracinDL,%2
  title={Elaboraci{\'o}n de la documentaci{\'o}n y el manual de calidad bajo la norma ISO/IEC 17025 para el laboratorio de instrumentaci{\'o}n y control autom{\'a}tico en la facultad de Mec{\'a}nica con fines de acreditaci{\'o}n ante el Organismo de Acreditaci{\'o}n Ecuatoriano (OAE)},
  author={Quinga Quillagana and Alex Armando},
  year={2016},
  url={https://api.semanticscholar.org/CorpusID:171929590}
}

@inproceedings{Tobaruela2018DesarrolloDN, %3
  title={Desarrollo de nuevas estrategias anal{\'i}ticas basadas en la espectrometr{\'i}a de masas de alta resoluci{\'o}n (hrms) para el control de plaguicidas y sus metabolitos en la atm{\'o}sfera},
  author={A. Tobaruela},
  year={2018},
  url={https://api.semanticscholar.org/CorpusID:216995095}
}

@inproceedings{Ortiz2016NuevasAE,%4
  title={Nuevas aportaciones en el control anal{\'i}tico de compuestos carbon{\'i}licos como subproductos de desinfecci{\'o}n de aguas},
  author={Mar{\'i}a Serrano Ortiz},
  year={2016},
  url={https://api.semanticscholar.org/CorpusID:170612130}
}

@article{ForeroVargas2021MTODOAP,%5
  title={M{\'E}TODO AUTOM{\'A}TICO PARA LA MEDIDA DE LA VELOCIDAD DE FLUJO DE HEMOSUSTITUTOS EN ARTERIOLAS MEDIANTE PROCESAMIENTO DE IM{\'A}GENES},
  author={Manuel Guillermo Forero Vargas and Paula Katherine Reyes Garibello and Nicol{\'a}s Ram{\'i}rez Polan{\'i}a and Sandra Liliana Cancino Su{\'a}rez and Homero Fernando Pastrana Rend{\'o}n},
  journal={Encuentro Internacional de Educaci{\'o}n en Ingenier{\'i}a ACOFI 2021},
  year={2021},
  url={https://api.semanticscholar.org/CorpusID:251940584}
}

@inproceedings{Segovia2020PlanDD,%6
  title={Plan de desarrollo de una aplicaci{\'o}n Web para el control y gesti{\'o}n de deforestaci{\'o}n en el Ecuador – “Web-CONGESDEFO”},
  author={Paola Segovia and Ar{\'a}nzazu Berbey-{\'A}lvarez},
  year={2020},
  url={https://api.semanticscholar.org/CorpusID:225459957}
}

@inproceedings{Pesina2018DiseoYE,%7
  title={Dise{\~n}o y evaluaci{\'o}n de un sistema de informaci{\'o}n geogr{\'a}fica, como herramienta, para la prevenci{\'o}n y control del dengue en el {\'a}rea metropolitana de Monterrey, N. L. (2009-2012).},
  author={H{\'e}ctor Orta Pesina},
  year={2018},
  url={https://api.semanticscholar.org/CorpusID:210309169}
}

@inproceedings{Prez2006SistemasNH,%8
  title={Sistemas no hol{\'o}nomos generalizados y su aplicaci{\'o}n a la teor{\'i}a de control autom{\'a}tico mediante v{\'i}nculos cinem{\'a}ticos},
  author={Diego P{\'e}rez},
  year={2006},
  url={https://api.semanticscholar.org/CorpusID:170864163}
}

@inproceedings{Quizhpe2012DiseoEI,%9
  title={Dise{\~n}o e implementaci{\'o}n de un stand modular de laboratorio para aplicaci{\'o}n de los principios de instrumentaci{\'o}n y teor{\'i}a de control autom{\'a}tico},
  author={Andrea Vanesa Balc{\'a}zar Quizhpe and Andrea Jhuliana Maza Elizalde},
  year={2012},
  url={https://api.semanticscholar.org/CorpusID:170958014}
}

@inproceedings{Pappalardo2004NuevosDP,%10
  title={Nuevos desarrollos para la definici{\'o}n de sistemas de referencias locales en el control autom{\'a}tico en obras de ingenier{\'i}a con gps},
  author={Angel Pappalardo},
  year={2004},
  url={https://api.semanticscholar.org/CorpusID:171763115}
}

@inproceedings{Crdova2018DiseoDM,%11
  title={Dise{\~n}o de mecanismos y simulaci{\'o}n del control autom{\'a}tico del sistema de posicionamiento y desplazamiento en 3 dimensiones de la herramienta en una m{\'a}quina CNC},
  author={Darwin. C{\'o}rdova and Marco Vinicio P{\'a}ez Estrella},
  year={2018},
  url={https://api.semanticscholar.org/CorpusID:171546014}
}

@inproceedings{Illera2019DefinicinYA,%12
  title={Definici{\'o}n y An{\'a}lisis de requisitos del Sistema de Informaci{\'o}n para el Programa de Alimentaci{\'o}n Escolar de la Gobernaci{\'o}n del Cauca e implementaci{\'o}n del sistema de priorizaci{\'o}n, seguimiento y control del programa.},
  author={Dominguez Illera and Carlos Felipe},
  year={2019},
  url={https://api.semanticscholar.org/CorpusID:159048951}
}

@inproceedings{Gonzlez2008ModeladoDD,%13
  title={Modelado din{\'a}mico de pilas de combustible en el contexto del control autom{\'a}tico},
  author={Rubio Gonz{\'a}lez and Miguel Angel Mainar Angel},
  year={2008},
  url={https://api.semanticscholar.org/CorpusID:170340408}
}

@inproceedings{Moyano2015InterfazAO,%14
  title={Interfaz anal{\'o}gica opto acoplada: Control autom{\'a}tico de transconductancia},
  author={Daniel Moyano},
  year={2015},
  url={https://api.semanticscholar.org/CorpusID:170420723}
}

@inproceedings{Avils2014AnlisisDL,%15
  title={An{\'a}lisis de la Presi{\'o}n Fiscal en Los Contribuyentes Inscritos en el R{\'e}gimen Impositivo Simplificado Ecuatoriano Categor{\'i}a Comercio en la Regional Austro en el Periodo 2011 Y Definici{\'o}n de una Propuesta de Control},
  author={P. Ruiz Avil{\'e}s and Mar{\'i}a Alvarez San Jos{\'e}},
  year={2014},
  url={https://api.semanticscholar.org/CorpusID:162957883}
}

@inproceedings{Torti2014ClasesPE,%16
  title={Clases peligrosas en Latinoam{\'e}rica: definici{\'o}n, control y exclusi{\'o}n / Dangerous classes in Latin America: definition, control and exclusion},
  author={Silvana Torti},
  year={2014},
  url={https://api.semanticscholar.org/CorpusID:159224895}
}

%Embebidos
@inproceedings{Somavilla2014TcnicasDD,
  title={T{\'e}cnicas de dise{\~n}o de pruebas en sistemas embebidos},
  author={Juli{\'a}n Montero Somavilla},
  year={2014},
  url={https://api.semanticscholar.org/CorpusID:191912609}
}

@inproceedings{Ardila2013AplicacinEP,
  title={Aplicaci{\'o}n electr{\'o}nica para el ahorro de energ{\'i}a el{\'e}ctrica utilizando una energ{\'i}a alternativa},
  author={Juan Carlos Cruz Ardila and J. G{\'o}mez and Diego Mauricio Hern{\'a}ndez Porras},
  year={2013},
  url={https://api.semanticscholar.org/CorpusID:171362512}
}
@article{SotoRios2023SistemaES,
  title={Sistema Embebido Sanitizante para la Reducci{\'o}n del Tiempo de Espera en Establecimientos con Entradas Definidas. caso de Estudio: Instituto Tecnol{\'o}gico de L{\'a}zaro C{\'a}rdenas},
  author={Nestor Soto Rios and Erwin Auner G{\'o}mez Alvarado and Itzel Guadalupe Ponce Bruno and Araceli Vel{\'a}zquez Guti{\'e}rrez and Jes{\'u}s Rafael Garc{\'i}a Serna},
  journal={Ciencia Latina Revista Cient{\'i}fica Multidisciplinar},
  year={2023},
  url={https://api.semanticscholar.org/CorpusID:261631926}
}
@article{VargasAlice2023DiseoDS,
  title={Dise{\~n}o de sistema embebido para m{\'a}quina de reciclaje de PET},
  author={Nicol{\'a}s Vargas Alice},
  journal={Elektron},
  year={2023},
  url={https://api.semanticscholar.org/CorpusID:259471527}
}
@article{OjedaMisses2022AplicacinCE,
  title={Aplicaci{\'o}n con el robot Cozmo para el seguimiento de trayectorias como un sistema embebido},
  author={Manuel Alejandro Ojeda-Misses},
  journal={P{\"a}di Bolet{\'i}n Cient{\'i}fico de Ciencias B{\'a}sicas e Ingenier{\'i}as del ICBI},
  year={2022},
  url={https://api.semanticscholar.org/CorpusID:260617804}
}
@article{RamrezCervantes2022SistemaEB,
  title={Sistema embebido basado en reglas aplicado a la determinaci{\'o}n de la salud estructural en edificios de varios niveles},
  author={F{\'e}lix Ram{\'i}rez-Cervantes and Farid Garc{\'i}a-Lamont and David G. Maxinez and Joel Ayala and Rodolfo Garc{\'i}a},
  journal={Revista ALCONPAT},
  year={2022},
  url={https://api.semanticscholar.org/CorpusID:255729803}
}
@article{VidesHerrera2024AutomatizacinDU,
  title={Automatizaci{\'o}n de un digestor anaerobio con sistema embebido para la producci{\'o}n de biog{\'a}s a partir de residuo del aceite de palma},
  author={Carlos Arturo Vides Herrera and Aldo Pardo Garc{\'i}a and Adalberto Jos{\'e} Ospino Castro},
  journal={REVISTA COLOMBIANA DE TECNOLOGIAS DE AVANZADA (RCTA)},
  year={2024},
  url={https://api.semanticscholar.org/CorpusID:271448228}
}
@article{Varon2021ComparacinDD,
  title={Comparaci{\'o}n del desempe{\~n}o de un controlador PID sobre el proceso de nivel usando un controlador l{\'o}gico programable y un sistema embebido},
  author={Leonardo Antonio Bermeo Varon and Juan Gonzalo {\'A}lvarez and William Mantilla Arenas},
  journal={Ingeniare. Revista chilena de ingenier{\'i}a},
  year={2021},
  url={https://api.semanticscholar.org/CorpusID:246325223}
}
@article{HerreraRubio2022MedicinDP,
  title={Medici{\'o}n de par{\'a}metros en l{\'i}neas de transmisi{\'o}n con sistemas embebidos},
  author={Jorge Enrique Herrera-Rubio and {\'A}ngelo Joseph Soto-Vergel and Darwin Orlando Cardozo-Sarmiento},
  journal={Tecnura},
  year={2022},
  url={https://api.semanticscholar.org/CorpusID:251849273}
}
@article{MartnezBolvar2021DetectorDD,
  title={Detector dom{\'e}stico de metales aplicando sistemas embebidos},
  author={Jheison Mart{\'i}nez Bol{\'i}var and John Edwar Guti{\'e}rrez C{\'e}spedes and Alexis Garc{\'i}a Herrera},
  journal={\#ashtag},
  year={2021},
  url={https://api.semanticscholar.org/CorpusID:262205670}
}
@article{Tobar2020LaboratorioRP,
  title={Laboratorio Remoto para Sistemas Embebidos},
  author={Morales Tobar and Carlos Taffernaberry and Cristian P{\'e}rez and Gustavo Mercado},
  journal={2020 IEEE Congreso Bienal de Argentina (ARGENCON)},
  year={2020},
  pages={1-1},
  url={https://api.semanticscholar.org/CorpusID:237000978}
}
@inproceedings{Socarrs2020ImplementacinDU,
  title={Implementaci{\'o}n de un detector de movimiento para c{\'a}maras inteligentes sobre sistemas embebidos},
  author={Luis Manuel Garc{\'e}s Socarr{\'a}s and Roberto S{\'a}nchez Correa and Alejandro Jos{\'e} Cabrera Sarmiento and Santiago S{\'a}nchez Solano and Piedad Brox Jim{\'e}nez},
  year={2020},
  url={https://api.semanticscholar.org/CorpusID:228997005}
}
@article{GarcaCabezas2019SistemasEO,
  title={Sistemas embebidos open source para la caracterizaci{\'o}n de la humedad en un cultivo hidrop{\'o}nico de fresa por la variaci{\'o}n clim{\'a}tica},
  author={Eduardo Francisco Garc{\'i}a-Cabezas and Julio C{\'e}sar Moyano-Alulema and Henry Fabrizzio Mart{\'i}nez Naranjo and Jhonny Marcelo Orozco-Ramos and Carlos Jos{\'e} Santill{\'a}n-Mari{\~n}o},
  journal={Polo del Conocimiento},
  year={2019},
  url={https://api.semanticscholar.org/CorpusID:150142410}
}
@inproceedings{Rueda2019MetodologaIP,
  title={Metodolog{\'i}a integral para el emprendimiento basado en sistemas embebidos digitales en Colombia},
  author={D. Abadia Rueda and Jos{\'e} Alejandro},
  year={2019},
  url={https://api.semanticscholar.org/CorpusID:229776447}
}
@inproceedings{Wurm2019DesarrolloDI,
  title={Desarrollo de instrumental de laboratorio controlado por sistemas embebidos},
  author={Guillermo Wurm and Marcelo J. Marinelli and Luis Antonio Fontana and Silvia Marta Salomon and Rodrigo E. R{\'i}os},
  year={2019},
  url={https://api.semanticscholar.org/CorpusID:213671520}
}
@inproceedings{Garca2019SistemasED,
  title={Sistemas embebidos de tiempo real con aplicaciones en bioingenier{\'i}a},
  author={Pablo Andr{\'e}s Garc{\'i}a},
  year={2019},
  url={https://api.semanticscholar.org/CorpusID:214462221}
}
@inproceedings{Valiente2019UsoCD,
  title={Uso colaborativo del procesador en sistemas embebidos para m{\'u}ltiples interfaces},
  author={Waldo Valiente and Esteban Carnuccio and Mariano Volker and Graciela De Luca and Ra{\'u}l Villca and Germ{\'a}n Lorenz},
  year={2019},
  url={https://api.semanticscholar.org/CorpusID:199590296}
}
@inproceedings{Mendoza2016PROPUESTAMP,
  title={PROPUESTA METODOL{\'O}GICA PARA VALIDAR LA FUNCIONALIDAD DE SOFTWARE EN SISTEMAS EMBEBIDOS},
  author={Jos{\'e} Guillermo Fierro Mendoza and Julio Armando Asato Espa{\~n}a and Jos{\'e} Benigno Molina Castro and Jonathan Nu{\~n}ez and Emmanuel Noriega Vaca},
  year={2016},
  url={https://api.semanticscholar.org/CorpusID:171835108}
}
@inproceedings{Fuentes2018DiseoDU,
  title={Dise{\~n}o de un sistema de adquisici{\'o}n y visualizaci{\'o}n de datos basado en la plataforma de sistemas embebidos Raspberry pi},
  author={Pedro Leonardo Ospina Fuentes and Jeysson Emilio Lima Guaqueta},
  year={2018},
  url={https://api.semanticscholar.org/CorpusID:171747943}
}
@inproceedings{Naranjo2018OptimizacinDR,
  title={Optimizaci{\'o}n del recurso h{\'i}drico en el proceso de riego de un cultivo hidrop{\'o}nico de fresa en la parroquia Huachi del cant{\'o}n Ambato en base a sistemas embebidos open source.},
  author={Mart{\'i}nez Naranjo and Henry Fabrizzio},
  year={2018},
  url={https://api.semanticscholar.org/CorpusID:195554630}
}
@inproceedings{Hernndez2017CaracterizacinIY,
  title={Caracterizaci{\'o}n, implantaci{\'o}n y evaluaci{\'o}n de dispositivos dom{\'o}ticos para adultos mayores mediante sistemas embebidos e internet de las cosas},
  author={D{\'i}az Hern{\'a}ndez and Mar{\'i}a Luisa Fernanda},
  year={2017},
  url={https://api.semanticscholar.org/CorpusID:171725120}
}
@inproceedings{Guerra2018DiseoEI,
  title={Dise{\~n}o e implementaci{\'o}n de un sistema de adquisici{\'o}n de datos usando el kit de sensores sunfounder, mediante el uso del hardware lattepanda y arduino con interfase gr{\'a}fica desarrollada en labview},
  author={Juan Ignacio Guerra and Diego Sebasti{\'a}n Lozada L{\'o}pez},
  year={2018},
  url={https://api.semanticscholar.org/CorpusID:127739601}
}
@inproceedings{Stracuzzi2014SistemaSP,
  title={Sistema Scada para medici{\'o}n de tensi{\'o}n y puentes con sistemas embebidos para laboratorio de control de la Facultad de Educaci{\'o}n T{\'e}cnica.},
  author={Eduardo Pincay Stracuzzi},
  year={2014},
  url={https://api.semanticscholar.org/CorpusID:171319332}
}
@inproceedings{Castagnola2014DiseoEI,
  title={Dise{\~n}o e implementaci{\'o}n de una plataforma de red de sensores inal{\'a}mbricos.},
  author={Juan Luis Castagnola and Agustin Laprovitta and Eduardo Daniel Toselli and Alberto Fernando Misa},
  year={2014},
  url={https://api.semanticscholar.org/CorpusID:60935937}
}
%Traduccion de diagramas a codigos
@inproceedings{Torres2015ControlAD,
  title={Control Autom{\'a}tico de C{\'o}digo Abierto para un Veh{\'i}culo A{\'e}reo no Tripulado de Ala Rotatoria},
  author={Cadena Torres and Arturo Estefano},
  year={2015},
  url={https://api.semanticscholar.org/CorpusID:61437756}
}
@inproceedings{Cao2013DiseoEI,
  title={Dise{\~n}o e implementaci{\'o}n de sistemas de control de tiempo real mediante herramientas de generaci{\'o}n autom{\'a}tica de c{\'o}digo},
  author={Adriana Fern{\'a}ndez Ca{\~n}o},
  year={2013},
  url={https://api.semanticscholar.org/CorpusID:169859995}
}
@inproceedings{Calderon2019MejoramientoDC,
  title={Mejoramiento del control de inventarios de producto terminado por medio de la implementaci{\'o}n de un sistema de identificaci{\'o}n autom{\'a}tico para la empresa Pretecor Ltda.},
  author={Bernal Calderon and Arnold Andr{\'e}s},
  year={2019},
  url={https://api.semanticscholar.org/CorpusID:201504941}
}
@article{Nez2017ModeloAY,
  title={Modelo Ac{\'u}stico y de Lenguaje del Idioma Espa{\~n}ol para el dialecto Cucute{\~n}o, Orientado al Reconocimiento Autom{\'a}tico del Habla},
  author={Juan N{\'u}{\~n}ez and Rodrigo Andres Zu{\~n}iga Castro and Byron Medina Delgado and Sergio Basilio Sep{\'u}lveda Mora and Sergio Alexander Castro Casadiego},
  journal={Ingenier{\'i}a},
  year={2017},
  volume={22},
  pages={362-376},
  url={https://api.semanticscholar.org/CorpusID:229872210}
}
@inproceedings{Garrido2018ExtraccinDC,
  title={Extracci{\'o}n de caracter{\'i}sticas para algoritmos de aprendizaje autom{\'a}tico aplicado al reconocimiento de veh{\'i}culos. Implementaci{\'o}n en FPSoC},
  author={Cristina Blanco Garrido},
  year={2018},
  url={https://api.semanticscholar.org/CorpusID:171545653}
}
@inproceedings{Gmez2017MonitorizacinYC,
  title={Monitorizaci{\'o}n y control remoto de una planta de producci{\'o}n y envasado de l{\'i}quidos},
  author={Siles G{\'o}mez and Jos{\'e} Luis de Pablo},
  year={2017},
  url={https://api.semanticscholar.org/CorpusID:171624753}
}
@inproceedings{Ugena2013DiseoDU,
  title={Dise{\~n}o de un sistema autom{\'a}tico de medida de la constante de Planck en diodos LED},
  author={Javier Dur{\'a}n Ugena},
  year={2013},
  url={https://api.semanticscholar.org/CorpusID:190246346}
}
@inproceedings{Grate2020SISTEMADR,
  title={SISTEMA DE RECONOCIMEINTO FACIAL DE G{\`E}NEROS APLICANDO T{\`E}CNICAS MACHINE LEARNING EN ESTABLECIMIENTOS COMERCIALES},
  author={Briones G{\'a}rate and Eduardo Arturo},
  year={2020},
  url={https://api.semanticscholar.org/CorpusID:229602008}
}
%hadware en el loop
@article{lvarezOrtiz2023IntegracinDX,
  title={Integraci{\'o}n de X-Plane como hardware-in-the-loop para la validaci{\'o}n de esquemas de control en VANTs tipo quadrotor},
  author={Iv{\'a}n Guadalupe {\'A}lvarez-Ortiz and Victor G. S{\'a}nchez-Meza and Yair Lozano-Hern{\'a}ndez and Jaime Gonz{\'a}lez-Sierra and Ricardo Yahir Almaz{\'a}n-Arvizu},
  journal={P{\"a}di Bolet{\'i}n Cient{\'i}fico de Ciencias B{\'a}sicas e Ingenier{\'i}as del ICBI},
  year={2023},
  url={https://api.semanticscholar.org/CorpusID:265649722}
}
@inproceedings{Aguar2019MODELADODS,
  title={MODELADO DEL SISTEMA DE CONTROL DE M{\'A}QUINAS EL{\'E}CTRICAS ROTATIVAS Y SU IMPLEMENTACI{\'O}N EN SISTEMAS DE SIMULACI{\'O}N TIPO "HARDWARE IN THE LOOP" PARA EL DESARROLLO Y VALIDACI{\'O}N DE T{\'E}CNICAS DE DIAGN{\'O}STICO},
  author={Mario Montagud Aguar},
  year={2019},
  url={https://api.semanticscholar.org/CorpusID:212880793}
}
@article{Lozada2023ImplementacinDH,
  title={Implementaci{\'o}n de Hardware In The Loop para el An{\'a}lisis de Escenarios de Control de Frecuencia en una Microrred Utilizando WAMS},
  author={Carlos Lozada and David Panchi},
  journal={Revista T{\'e}cnica "energ{\'i}a"},
  year={2023},
  url={https://api.semanticscholar.org/CorpusID:256139681}
}
@article{BautistaPorras2023DiseoDU,
  title={Dise{\~n}o de un m{\'o}dulo de simulaci{\'o}n en tiempo real para sistemas de generaci{\'o}n e{\'o}lica usando hardware-in-the-loop},
  author={Mauricio Bautista Porras and Mar{\'i}a Alejandra Mantilla Villalobos and Germ{\'a}n Alfonso Osma Pinto and Juan Manuel Rey L{\'o}pez and Tania Valentina Castellanos Parada},
  journal={Encuentro Internacional de Educaci{\'o}n en Ingenier{\'i}a},
  year={2023},
  url={https://api.semanticscholar.org/CorpusID:263286684}
}
@article{CastellanosParada2023DiseoDU,
  title={Dise{\~n}o de un simulador de sistemas fotovoltaicos con conexi{\'o}n a la red usando la t{\'e}cnica de hardware-in-the-loop},
  author={Tania Valentina Castellanos Parada and Mar{\'i}a Alejandra Mantilla Villalobos and Juan Manuel Rey L{\'o}pez and Mauricio Bautista Porras},
  journal={Encuentro Internacional de Educaci{\'o}n en Ingenier{\'i}a},
  year={2023},
  url={https://api.semanticscholar.org/CorpusID:263655979}
}
@article{Anderson2022ControlSC,
  title={Control Super-Twisting con adaptaci{\'o}n basada en cruce por cero. An{\'a}lisis de estabilidad y validaci{\'o}n},
  author={Jorge Anderson and Jer{\'o}nimo Jos{\'e} Mor{\'e} and Paul F. Puleston and Vicente Roda and Ram{\'o}n Costa-Castell{\'o}},
  journal={Revista Iberoamericana de Autom{\'a}tica e Inform{\'a}tica industrial},
  year={2022},
  url={https://api.semanticscholar.org/CorpusID:255298189}
}
@article{SolaqueG2020DiseoYP,
  title={Dise{\~n}o y pruebas con hardware en el lazo de controladores din{\'a}micos para un robot agr{\'i}cola},
  author={Leonardo E. Solaque G. and Guillermo S{\'a}nchez H and Adriana Riveros G.},
  journal={Revista UIS Ingenier{\'i}as},
  year={2020},
  url={https://api.semanticscholar.org/CorpusID:218963051}
}
@article{ValenciaVillegas2021ValidacinDU,
  title={Validaci{\'o}n de un Prototipo Electr{\'o}nico para el Control de Fertirrigaci{\'o}n e Invernaderos},
  author={Yenier Valencia Villegas and Carlos Alberto Henao Baena and Manuel Francisco Polanco Puerta},
  journal={Entre Ciencia e Ingenier{\'i}a},
  year={2021},
  url={https://api.semanticscholar.org/CorpusID:237643936}
}
%sistemas de Navegacion
@article{Barrero2015AlgoritmoDN,
  title={Algoritmo de navegaci{\'o}n a bordo en ambientes controlados a partir de procesamiento de im{\'a}genes},
  author={Andr{\'e}s Barrero and Mario Robayo and Edward Jacinto},
  journal={T{\'e}khne},
  year={2015},
  volume={12},
  pages={23-34},
  url={https://api.semanticscholar.org/CorpusID:194341613}
}
@article{Lpez2020EsquemaDP,
  title={Esquema de procesamiento para la navegaci{\'o}n absoluta a bordo de un sat{\'e}lite LEO mediante GNSS},
  author={Ernesto Marcos L{\'o}pez and Javier G. Garc{\'i}a and Carlos H. Muravchik},
  journal={2020 IEEE Congreso Bienal de Argentina (ARGENCON)},
  year={2020},
  pages={1-6},
  url={https://api.semanticscholar.org/CorpusID:237000655}
}
@inproceedings{Marrero1994SistemaDN,
  title={Sistema de navegacion por satelite "transit": estudio sobre su situacion pasada, presente y futura},
  author={Jos{\'e} Perera Marrero},
  year={1994},
  url={https://api.semanticscholar.org/CorpusID:231235125}
}
@inproceedings{Guerrero2009GeomantesSD,
  title={Geomantes: sistema de navegaci{\'o}n GPS por mapas gr{\'a}ficos},
  author={Antonio Ariza Guerrero and Javier Doria Dulanto and Isamu Tabeke Heras},
  year={2009},
  url={https://api.semanticscholar.org/CorpusID:127370456}
}
@article{JimnezHormeo2024MetodologaDN,
  title={Metodolog{\'i}a de navegaci{\'o}n aut{\'o}noma precisa para aplicaciones de fotogrametr{\'i}a a{\'e}rea},
  author={Alberto Jim{\'e}nez Horme{\~n}o and David Mart{\'i}n G{\'o}mez and Arturo De la Escalera Hueso and Jos{\'e} Mar{\'i}a Armingol Moreno},
  journal={Jornadas de Autom{\'a}tica},
  year={2024},
  url={https://api.semanticscholar.org/CorpusID:271661573}
}
@inproceedings{Torres2019AnlisisDS,
  title={An{\'a}lisis del sistema inboard performance system (ips): descripci{\'o}n, ayuda a la maniobra, instalaci{\'o}n a bordo e implementaci{\'o}n en el mercado},
  author={J. Rodr{\'i}guez Torres and David Rossich Mata},
  year={2019},
  url={https://api.semanticscholar.org/CorpusID:209948766}
}
@inproceedings{Algaba2014IntegracinDL,
  title={Integraci{\'o}n de los sistemas de navegaci{\'o}n inercial a bordo de buques de posicionamiento din{\'a}mico},
  author={Alejandro Miguez Algaba},
  year={2014},
  url={https://api.semanticscholar.org/CorpusID:193577079}
}
@inproceedings{Don2015PropuestaDC,
  title={Propuesta de criterios y alternativas para la elecci{\'o}n de proyecciones cartogr{\'a}ficas diferentes a la de Mercator en la elaboraci{\'o}n de cartas de navegaci{\'o}n electr{\'o}nica},
  author={Alsira Salgado Don},
  year={2015},
  url={https://api.semanticscholar.org/CorpusID:162625998}
}
@inproceedings{Algaba2014IntegracinDL,
  title={Integraci{\'o}n de los sistemas de navegaci{\'o}n inercial a bordo de buques de posicionamiento din{\'a}mico},
  author={Alejandro Miguez Algaba},
  year={2014},
  url={https://api.semanticscholar.org/CorpusID:193577079}
}
@article{RodrguezCorrea2022FactoresDP,
  title={Factores determinantes para conocer el nivel de adopci{\'o}n de la poblaci{\'o}n joven sobre sistemas de navegaci{\'o}n para carros},
  author={Paula Andrea Rodr{\'i}guez-Correa and Mar{\'i}a Camila Bermeo-Giraldo and Olga V{\'e}lez Bernal and Francisco Javier Arias Vargas},
  journal={Revista Virtual Universidad Cat{\'o}lica del Norte},
  year={2022},
  url={https://api.semanticscholar.org/CorpusID:248468595}
}
@article{Barrero2015AlgoritmoDN,
  title={Algoritmo de navegaci{\'o}n a bordo en ambientes controlados a partir de procesamiento de im{\'a}genes},
  author={Andr{\'e}s Barrero and Mario Robayo and Edward Jacinto},
  journal={T{\'e}khne},
  year={2015},
  volume={12},
  pages={23-34},
  url={https://api.semanticscholar.org/CorpusID:194341613}
}
@article{JimnezHormeo2024MetodologaDN,
  title={Metodolog{\'i}a de navegaci{\'o}n aut{\'o}noma precisa para aplicaciones de fotogrametr{\'i}a a{\'e}rea},
  author={Alberto Jim{\'e}nez Horme{\~n}o and David Mart{\'i}n G{\'o}mez and Arturo De la Escalera Hueso and Jos{\'e} Mar{\'i}a Armingol Moreno},
  journal={Jornadas de Autom{\'a}tica},
  year={2024},
  url={https://api.semanticscholar.org/CorpusID:271661573}
}
@article{Lpez2020EsquemaDP,
  title={Esquema de procesamiento para la navegaci{\'o}n absoluta a bordo de un sat{\'e}lite LEO mediante GNSS},
  author={Ernesto Marcos L{\'o}pez and Javier G. Garc{\'i}a and Carlos H. Muravchik},
  journal={2020 IEEE Congreso Bienal de Argentina (ARGENCON)},
  year={2020},
  pages={1-6},
  url={https://api.semanticscholar.org/CorpusID:237000655}
}
@inproceedings{Martnez2017SistemaDG,
  title={Sistema de guiado, navegaci{\'o}n y control para veh{\'i}culo el{\'e}ctrico mediante el uso de sistemas de navegaci{\'o}n GNSS y t{\'e}cnicas borrosas},
  author={Rub{\'e}n Panero Mart{\'i}nez},
  year={2017},
  url={https://api.semanticscholar.org/CorpusID:171468150}
}
@inproceedings{Rico2002IntegracinDS,
  title={Integraci{\'o}n de sistemas de navegaci{\'o}n mediante redes de {\'a}rea local sin hilos},
  author={Luis Antonio Mariscal Rico},
  year={2002},
  url={https://api.semanticscholar.org/CorpusID:162520961}
}
@article{TorresRivera2023EstudioCD,
  title={Estudio comparativo de sensores durante navegaci{\'o}n por waypoints en cuadric{\'o}ptero},
  author={Mois{\'e}s Torres-Rivera and Iv{\'a}n Enrique Olvera-Blas and Alejandra Ram{\'o}n-Mendoza and Ana Sof{\'i}a Olivera-Barcenas and Goretti Ram{\'i}rez-Villa and Rosa Isela Martin-Felipe},
  journal={P{\"a}di Bolet{\'i}n Cient{\'i}fico de Ciencias B{\'a}sicas e Ingenier{\'i}as del ICBI},
  year={2023},
  url={https://api.semanticscholar.org/CorpusID:265648482}
}
%Estado del arte de las GNC
@article{Senz2020LaboratorioPE,
  title={Laboratorio para el desarrollo de sistemas de navegaci{\'o}n y control para UAVS multirrotor},
  author={David Gallarta S{\'a}enz and Javier Rico Azagra and Silvano N{\'a}jera Canal and Montserrat Gil Mart{\'i}nez},
  journal={Actas de las XXXIX Jornadas de Autom{\'a}tica, Badajoz, 5-7 de Septiembre de 2018},
  year={2020},
  url={https://api.semanticscholar.org/CorpusID:198488769}
}
@inproceedings{Lastra2016ArquitecturaDC,
  title={Arquitectura de Control Modular y Escalable para la Navegaci{\'o}n de Sistemas Aut{\'o}nomos No Tripulados},
  author={Francisco J. Lastra and Jes{\'u}s Andr{\'e}s Trujillo and F.J.S. Velasco and El{\'i}as Revestido Herrero and Luis Manuel Mayo Vega and Enrique Escalante Rodr{\'i}guez},
  year={2016},
  url={https://api.semanticscholar.org/CorpusID:67202410}
}
@inproceedings{Zamora2019DesarrolloDU,
  title={Desarrollo de un sistema de navegaci{\'o}n aut{\'o}noma para un veh{\'i}culo el{\'e}ctrico tipo rover, para aplicaciones de agricultura de precisi{\'o}n},
  author={Nova Zamora and Yulit Marcela},
  year={2019},
  url={https://api.semanticscholar.org/CorpusID:211948339}
}
@article{Garca2021AnlisisDD,
  title={An{\'a}lisis de datos para el desarrollo de un sistema de control autom{\'a}tico de embarcaciones en un {\'a}rea portuaria},
  author={Ezequiel Bernal Garc{\'i}a and Rosa M. Fern{\'a}ndez-Cant{\'i} and Antoni Isalgu{\'e} Buxeda},
  journal={XLII JORNADAS DE AUTOM{\'A}TICA : LIBRO DE ACTAS},
  year={2021},
  url={https://api.semanticscholar.org/CorpusID:240604003}
}
@inproceedings{Len2018DiseoDU,
  title={Dise{\~n}o de un sistema de control visual para navegaci{\'o}n de interiores usando fusi{\'o}n sensorial para una plataforma m{\'o}vil diferencial.},
  author={Tinajero Le{\'o}n and Jos{\'e} Luis.},
  year={2018},
  url={https://api.semanticscholar.org/CorpusID:171702071}
}
@inproceedings{Ortega2004PautasPE,
  title={Pautas para el desarrollo incremental de una arquitectura de control basada en el comportamiento para la navegaci{\'o}n de robots en entornos semi estructurados},
  author={Elena Ortega},
  year={2004},
  url={https://api.semanticscholar.org/CorpusID:169326369}
}
@article{JimnezHormeo2024MetodologaDN,
  title={Metodolog{\'i}a de navegaci{\'o}n aut{\'o}noma precisa para aplicaciones de fotogrametr{\'i}a a{\'e}rea},
  author={Alberto Jim{\'e}nez Horme{\~n}o and David Mart{\'i}n G{\'o}mez and Arturo De la Escalera Hueso and Jos{\'e} Mar{\'i}a Armingol Moreno},
  journal={Jornadas de Autom{\'a}tica},
  year={2024},
  url={https://api.semanticscholar.org/CorpusID:271661573}
}
@inproceedings{Cichanowski2015DesarrolloDU,
  title={Desarrollo de un sistema de navegaci{\'o}n y telemetr{\'i}a en tiempo real para un robot m{\'o}vil desde un smart phone},
  author={Miguel Cichanowski and Cristian Kornuta and Marcelo J. Marinelli},
  year={2015},
  url={https://api.semanticscholar.org/CorpusID:128045290}
}