@article{moghaddam2021guidance,
  title={On the guidance, navigation and control of in-orbit space robotic missions: A survey and prospective vision},
  author={Moghaddam, Borna Monazzah and Chhabra, Robin},
  journal={Acta Astronautica},
  volume={184},
  pages={70--100},
  year={2021},
  publisher={Elsevier}
}

@article{zhang2021guidance,
  title={Guidance navigation and control for Changâ€™E-5 powered descent},
  author={Zhang, Honghua and Li, Ji and Wang, Zeguo and Guan, Yifeng},
  journal={Space: Science \& Technology},
  year={2021},
  publisher={AAAS}
}

@article{karimi2021guidance,
  title={Guidance and control methodologies for marine vehicles: A survey},
  author={Karimi, Hamid Reza and Lu, Yanyang},
  journal={Control Engineering Practice},
  volume={111},
  pages={104785},
  year={2021},
  publisher={Elsevier}
}

@inproceedings{hewing2023enhancing,
  title={Enhancing the Guidance, Navigation and Control of Autonomous Parafoils using Machine Learning Methods},
  author={Hewing, Lukas and Gramlich, Dennis and Verhoek, C and Veenman, Joost and Polonio, Rafael and Ardura, Carlos and T{\'o}th, Roland and Ebenbauer, Christian and Scherer, Carsten W and Preda, Valentin},
  booktitle={12th International Conference on Guidance, Navigation \& Control Systems},
  pages={1--15},
  year={2023}
}

@article{chai2021review,
  title={Review of advanced guidance and control algorithms for space/aerospace vehicles},
  author={Chai, Runqi and Tsourdos, Antonios and Savvaris, Al and Chai, Senchun and Xia, Yuanqing and Chen, CL Philip},
  journal={Progress in Aerospace Sciences},
  volume={122},
  pages={100696},
  year={2021},
  publisher={Elsevier}
}

@phdthesis{bitlmal2024guidance,
  title={Guidance Navigation and Control for a Mobile Robot using Vision System and Adaptive Particle Filter},
  author={Bitlmal, Alatresh and Ahmed, Hamdan},
  year={2024},
  school={Carleton University}
}

@article{bai2023vision,
  title={Vision-based navigation and guidance for agricultural autonomous vehicles and robots: A review},
  author={Bai, Yuhao and Zhang, Baohua and Xu, Naimin and Zhou, Jun and Shi, Jiayou and Diao, Zhihua},
  journal={Computers and Electronics in Agriculture},
  volume={205},
  pages={107584},
  year={2023},
  publisher={Elsevier}
}




@inproceedings{osio2007optimizacion,
  title={OPTIMIZACI{\'O}N DE C{\'O}DIGO C, MEDIANTE SUBRUTINAS DE PUNTO FLOTANTE PARA EL DISE{\~N}O DE SISTEMAS EMBEBIDOS},
  author={Osio, Jorge R and Costantino, Federico and Ledesma, Sebasti{\'a}n and Rapallini, Jos{\'e} A and Quijano, Antonio A},
  booktitle={Workshop IBERCHIP},
  volume={13},
  year={2007}
}


@book{galeano2009programacion,
  title={Programaci{\'o}n de sistemas embebidos en C},
  author={Galeano, Gustavo},
  year={2009},
  publisher={Alpha Editorial}
}

@article{suarez2018metodologias,
  title={Metodolog{\'\i}as de dise{\~n}o para FPGA usando Matlab y Simulink},
  author={Su{\'a}rez, Santiago T P{\'e}rez},
  year={2018}
}

@misc{mathworks_code_generation,
  author       = {{MathWorks}},
  title        = {Code Generation},
  howpublished = {\url{https://la.mathworks.com/help/stats/code-generation.html}},
  year         = {2024}
}