@String{pami = {{IEEE} {T}ransactions on Pattern Analysis and Machine Intelligence}}
@String{itip = {{IEEE} {T}ransactions on Image Processing}}
@String{ijcv = {International Journal of Computer Vision}}
@String{prl = {Pattern Recognition Letters}}
@String{lti = {{L}ehrstuhl für {T}echnische {I}nformatik, RWTH-Aachen University}}


@inproceedings{Merchn2019EvaluacinDM,
  title={Evaluaci{\'o}n de modelos aproximados para el dise{\~n}o de control autom{\'a}tico en sistemas de riego a canal abierto},
  author={Juan Sebasti{\'a}n Granda Merch{\'a}n and Mar{\'i}a Fernanda Rodr{\'i}guez and Gregory Johann Conde M{\'e}ndez and Mikel Fernando Hurtado Morales},
  year={2019},
  url={https://api.semanticscholar.org/CorpusID:230388188}
}

@article{Mesa2020EstimacinDV,
  title={Estimaci{\'o}n de variables de estado (LA y LC) en sistemas de control},
  author={Fernando Mesa and Rogelio Ospina-Ospina and Germ{\'a}n Correa-V{\'e}lez},
  journal={Revista UIS Ingenier{\'i}as},
  year={2020},
  url={https://api.semanticscholar.org/CorpusID:228853996}
}

@article{Schwiegelshohn2014DesignOA,
  title={Design of an attention detection system on the Zynq-7000 SoC},
  author={Fynn Schwiegelshohn and Michael H{\"u}bner},
  journal={2014 International Conference on ReConFigurable Computing and FPGAs (ReConFig14)},
  year={2014},
  pages={1-6},
  url={https://api.semanticscholar.org/CorpusID:18920120}
}

@inproceedings{PrattRealTimeSI,
  title={Real-Time System Implementation for Image Processing with Hardware/Software Co-design on the Xilinx Zynq Platform},
  author={W. K Pratt and M. War and L. M. Kuan and L. K. Meng and L. W. Kin},
  url={https://api.semanticscholar.org/CorpusID:7156716}
}

@article{HerreraLpez2023EntornoDT,
  title={Entorno de trabajo c{\'i}ber-f{\'i}sico para cirug{\'i}a laparosc{\'o}pica},
  author={Juan M. Herrera-L{\'o}pez and {\'A}lvaro Gal{\'a}n-Cuenca and Isabel Garc{\'i}a-Morales and Marcos Roll{\'o}n and Irene Rivas-Blanco and V{\'i}ctor F. Mu{\~n}oz},
  journal={Revista Iberoamericana de Autom{\'a}tica e Inform{\'a}tica industrial},
  year={2023},
  url={https://api.semanticscholar.org/CorpusID:265202759}
}

@inproceedings{Marugn2017SimulacinYV,
  title={Simulaci{\'o}n y verificaci{\'o}n de propiedades no-funcionales para sistemas embebidos},
  author={Pablo Gonz{\'a}lez de Aledo Marug{\'a}n},
  year={2017},
  url={https://api.semanticscholar.org/CorpusID:67290306}
}

@article{Leppakoski2013FrameworkFI,
  title={Framework for industrial embedded system product development and management},
  author={Arttu Leppakoski and Erno Salminen and Timo D. H{\"a}m{\"a}l{\"a}inen},
  journal={2013 International Symposium on System on Chip (SoC)},
  year={2013},
  pages={1-6},
  url={https://api.semanticscholar.org/CorpusID:21473510}
}

@article{BarreraRamrez2022SistemaDP,
  title={Sistema de planeaci{\'o}n y control de navegaci{\'o}n para un veh{\'i}culo aut{\'o}nomo en un entorno urbano},
  author={Cruz Barrera-Ram{\'i}rez and {\'O}scar Gonz{\'a}lez-Miranda and Juan Manuel Ibarra-Zannatha},
  journal={P{\"a}di Bolet{\'i}n Cient{\'i}fico de Ciencias B{\'a}sicas e Ingenier{\'i}as del ICBI},
  year={2022},
  url={https://api.semanticscholar.org/CorpusID:260620410}
}

@inproceedings{Snchez2020ProgramacinDL,
  title={Programaci{\'o}n de laboratorios de biolog{\'i}a port{\'a}tiles abiertos basados en Arduino con el lenguaje de programaci{\'o}n visual XOD},
  author={Sim{\'o}n Rosado S{\'a}nchez},
  year={2020},
  url={https://api.semanticscholar.org/CorpusID:215856445}
}

@inproceedings{Sacta2011DesarrolloDU,
  title={Desarrollo de un lenguaje de programaci{\'o}n gr{\'a}fico para microcontroladores},
  author={Cajamarca Sacta and Kl{\'e}ver David},
  year={2011},
  url={https://api.semanticscholar.org/CorpusID:170649818}
}

@article{Casu2023EROSSPA,
  title={EROSS+ Phase A/B1 Guidance, Navigation and Control design for In-Orbit Servicing},
  author={Davide Casu and Vincent Dubanchet and Herv{\'e} Renault and Anthea Comellini and Pierre Dandr{\'e}},
  journal={Papers of ESA GNC-ICATT 2023},
  year={2023},
  url={https://api.semanticscholar.org/CorpusID:267272107}
}

@inproceedings{Bordano1991AutonomousGN,
  title={Autonomous Guidance, Navigation and Control},
  author={Aldo J. Bordano and G. G. Mcswain and Stanley T. Fernandes},
  year={1991},
  url={https://api.semanticscholar.org/CorpusID:108853424}
}

@article{Loureno2023VerificationV,
  title={Verification \& validation of optimisation-based control systems: methods and outcomes of VV4RTOS},
  author={Pedro Lourenço and Hugo Costa and Jo{\~a}o Branco and Pierre-Lo{\"i}c Garoche and Arash Sadeghzadeh and Jonathan Frey and Gianluca Frison and Anthea Comellini and Massimo Barbero and Valentin Preda},
  journal={Papers of ESA GNC-ICATT 2023},
  year={2023},
  url={https://api.semanticscholar.org/CorpusID:267287945}
}

@article{Loureno2023VerificationV,
  title={Verification \& validation of optimisation-based control systems: methods and outcomes of VV4RTOS},
  author={Pedro Lourenço and Hugo Costa and Jo{\~a}o Branco and Pierre-Lo{\"i}c Garoche and Arash Sadeghzadeh and Jonathan Frey and Gianluca Frison and Anthea Comellini and Massimo Barbero and Valentin Preda},
  journal={Papers of ESA GNC-ICATT 2023},
  year={2023},
  url={https://api.semanticscholar.org/CorpusID:267287945}
}