%%%%% Intel One API 
@article{martinez2022applying,
  title={Applying Intel's oneAPI to a machine learning case study},
  author={Mart{\'\i}nez, Pablo Antonio and Peccerillo, Biagio and Bartolini, Sandro and Garc{\'\i}a, Jos{\'e} Manuel and Bernab{\'e}, Gregorio},
  journal={Concurrency and Computation: Practice and Experience},
  volume={34},
  number={13},
  pages={e6917},
  year={2022},
  publisher={Wiley Online Library}
}

@inproceedings{costanzo2022migrating,
  title={Migrating cuda to oneapi: A smith-waterman case study},
  author={Costanzo, Manuel and Rucci, Enzo and Garc{\'\i}a-S{\'a}nchez, Carlos and Naiouf, Marcelo and Prieto-Mat{\'\i}as, Manuel},
  booktitle={International Work-Conference on Bioinformatics and Biomedical Engineering},
  pages={103--116},
  year={2022},
  organization={Springer}
}

@inproceedings{zubair2023optimization,
  title={Optimization of Ported CFD Kernels on Intel Data Center GPU Max 1550 using oneAPI ESIMD},
  author={Zubair, Mohammad and Walden, Aaron and Nastac, Gabriel and Nielsen, Eric and Bauinger, Christoph and Zhu, Xiao},
  booktitle={Proceedings of the SC'23 Workshops of The International Conference on High Performance Computing, Network, Storage, and Analysis},
  pages={1705--1712},
  year={2023}
}

@inproceedings{nozal2021exploiting,
  title={Exploiting co-execution with oneAPI: heterogeneity from a modern perspective},
  author={Nozal, Ra{\'u}l and Bosque, Jose Luis},
  booktitle={Euro-Par 2021: Parallel Processing: 27th International Conference on Parallel and Distributed Computing, Lisbon, Portugal, September 1--3, 2021, Proceedings 27},
  pages={501--516},
  year={2021},
  organization={Springer}
}

@inproceedings{krainiuk2021oneapi,
  title={oneAPI open-source math library interface},
  author={Krainiuk, Mariia and Goli, Mehdi and Pascuzzi, Vincent R},
  booktitle={2021 International Workshop on Performance, Portability and Productivity in HPC (P3HPC)},
  pages={22--32},
  year={2021},
  organization={IEEE}
}

@inproceedings{alaswad2023investigating,
  title={Investigating the superiority of Intel oneAPI IFX compiler on Intel CPUs using different optimization levels: A case study on a CFD system},
  author={Alaswad, Feisal and Eswaran, Poovammal},
  booktitle={2023 4th IEEE Global Conference for Advancement in Technology (GCAT)},
  pages={1--9},
  year={2023},
  organization={IEEE}
}

@article{naizhang2022intel,
  title={Intel{\textregistered} oneAPI Base Toolkit Helps SonoScape Optimize the Performance of its S-Fetus 4.0 Obstetric Screening Assistant},
  author={Naizhang Feng, Guoyi Zhou and others},
  journal={ADVANCED ULTRASOUND IN DIAGNOSIS AND THERAPY},
  volume={6},
  number={4},
  pages={238--244},
  year={2022}
}


%%%% Aprendizaje Automatico

@misc{moreno1994aprendizaje,
  title={Aprendizaje autom{\'a}tico},
  author={Moreno, Antonio and Armengol, Eva and B{\'e}jar Alonso, Javier and Belanche Mu{\~n}oz, Luis Antonio and Cort{\'e}s Garc{\'\i}a, Claudio Ulises and Gavald{\`a} Mestre, Ricard and Gimeno, Juan Manuel and Mart{\'\i}n Mu{\~n}oz, Mario and S{\`a}nchez-Marr{\`e}, Miquel},
  year={1994},
  publisher={Edicions UPC}
}

%Refpastprojs
@MISC{1,
  author = "SIPLab",
  howpublished = "\url{http://www.ie.tec.ac.cr/palvarado/pmwiki/index.php/Main/HomePage.}",
  note         = "Accessed: 2024-1-17"
}

@BOOK{2,
  title  = "´Sistemas de Control Automatico {I-} Teor{\i}a y problemas
            aplicativos",
  author = "Elescano, A and Julian-Laime, E",
  year   =  2018
}


@BOOK{3,
  title   = "Introducci{\'o}n a los sistemasde control y modelo matem{\'a}tico
             para sistemas lineales invariantes en el tiempo",
  author  = "Perez, M and Perez Hidalgo Y, A and Perez, E",
  year    =  2008,
  address = "Argentina"
}

@ARTICLE{4,
  title   = "Dise ̃no e implementaci{\'o}n de un sistema de
             inmersi{\'o}ntemporal automatizado para cultivos de ar{\'a}ndano y
             pi ̃na en los laboratorios deNutriarandanos {S}",
  author  = "C{\'a}rdenas, Corvacho",
  journal = "A. C✮✮",
  year    =  2019
}

@BOOK{5-dq,
  title  = "Modelado de sistemas din{\'a}micos usando redes
            neuronalesrecurrentes profundas✮✮, Tesis doct., Centro de
            investigaci{\'o}n y estudios avanzadosdel instituto polit´ecnico
            nacional, M´exico",
  author = "Godoy, Gonz{\'a}lez",
  year   =  2019
}

@ARTICLE{6-hg,
  title   = "Schweiger y col., ((Constructing neural networkbased models for
             simulating dynamical systems)",
  author  = "Legaard, C and Schranz, T",
  journal = "ACM Computing Surveys",
  volume  =  1
}

@BOOK{7-vw,
  title  = "Sistemas no lineales,)) Departamento deElectr{\'o}nica",
  author = "Ser{\'o}n, M M and Braslavsky, J H",
  year   =  2000
}

@BOOK{8-xl,
  title   = "Aplicaci{\'o}n del control adaptativo aprocesos industriales tipo
             {SISO''}, Tesis para especializaci{\'o}n en Instrumentaci{\'o}n y
             Control Industrial",
  author  = "G{\'o}mez Mart{\'\i}nez Y, J and Mendoza Avedano, G",
  year    =  2009,
  address = "Bucaramanga, Colombia"
}

@BOOK{9-jp,
  title   = "Diseño e implementaci{\'o}n de un controlador basado enredes
             neuronales con entrenamiento r{\'a}pido para sistemas de control
             2x2,)) Tesisdemtr{\'\i}a",
  author  = "Jurado, E Sarmiento",
  year    =  2006,
  address = "Barranquilla, Colombia"
}

@MISC{10-bs,
  howpublished = "\url{https://doi.org/10.48550/arXiv.2102.10021.16Tecnol{\'o}gico}",
  note         = "Accessed: 2024-1-17"
}

@ARTICLE{11-qr,
  title   = "Identificaci{\'o}n de sistemas din{\'a}micos utilizando redes
             neuronales",
  author  = "Gil, R and P{\'a}ez, D Gachet",
  journal = "Revista Iberoamericana de Autom{\'a}tica e
             Inform{\'a}ticaIndustrial",
  pages   = "1697--7912",
  year    =  2007
}


@ARTICLE{12-iu,
  title   = "Redes neuronales multimodelo aplicadas al control de sistemas''",
  author  = "Caravaca, S Torrubia",
  journal = "Universidad Aut{\'o}noma de Barcelona, Espa ̃na",
  year    =  2010
}

@BOOK{13-se,
  title   = "Aprendizaje por refuerzo para control de sistemas
             din{\'a}micos'',tesis por el t{\'\i}tulo de Ingeniero
             Mecatr{\'o}nico",
  author  = "Latorre, A Diaz",
  year    =  2019,
  address = "Santiago de Cali, Colombia"
}

@ARTICLE{14-mo,
  title     = "Reinforcement learning for control: Performance, stability, and
               deep approximators",
  author    = "Bu{\c s}oniu, Lucian and de Bruin, Tim and Toli{\'c}, Domagoj
               and Kober, Jens and Palunko, Ivana",
  journal   = "Annu. Rev. Control",
  publisher = "Elsevier BV",
  volume    =  46,
  pages     = "8--28",
  year      =  2018,
  language  = "en"
}

@ARTICLE{15-tec,
  title   = "Diseño e implementaci{\'o}n de un sistema que simule el comportamiento din{\'a}mico de una planta prototipo de control autom{\'a}tico utilizando redes neuronales ",
  author  = "Jorge Andr{\'e}s Brenes Alfaro",
  journal = "Tecnologico de Costa Rica",
  year    =  2022
}

%%Algunos nuevos y mejoradas referencias
@book{kuo1996sistemas,
  title={Sistemas de control autom{\'a}tico},
  author={Kuo, Benjamin C},
  year={1996},
  publisher={Pearson Educaci{\'o}n}
}

@article{alonso2010panoramica,
  title={Una panor{\'a}mica de los Sistemas de Tiempo Real},
  author={Alonso, Alejandro and Crespo Lorente, Alfons},
  journal={Revista Iberoamericana de Autom{\'a}tica e Inform{\'a}tica Industrial},
  volume={3},
  number={2},
  pages={7--18},
  year={2010},
  publisher={Universitat Polit{\`e}cnica de Val{\`e}ncia}
}
@misc{de2000introduccion,
  title={Introducci{\'o}n a los Sistemas en Tiempo Real},
  author={De la Puente, Juan Antonio},
  year={2000},
  publisher={Universidad Polit{\'e}cnica de Madrid}
}

