@online{Colmenarejo2024,
  author = {P. Colmenarejo Matellano},
  title = {Dirigir un satélite con tecnologías GNC},
  year = {2024},
  organization = {GMV},
  url = {https://www.gmv.com/es-es/node/2432/printable/print},
  urldate = {2024-07-16}
}

@online{AEM2017,
  title = {Introducción a la Ingeniería de Sistemas Espaciales},
  year = {2017},
  organization = {Agencia Espacial Mexicana},
  url = {https://www.educacionespacial.aem.gob.mx/images/convocatorias/images/mem17/04Introducion_ala_ISE.pdf},
  urldate = {2024-07-16}
}
@online{Gutierrez2022,
  author = {A. Gutiérrez},
  title = {Análisis de los sistemas GNC para UAS de clase I y II},
  year = {2022},
  organization = {Grupo Oesía},
  url = {https://grupooesia.com/insight/analisis-de-los-sistemas-gnc-para-uas-de-clase-i-y-ii/},
  urldate = {2024-07-16}
}

@online{DelBlanco2023,
  author = {F. J. Del Blanco Cardenas and J. P. Núñez Martínez and T. D. Malvaez Mora and M. C. Ribé Viesca and A. Zavala Sousa},
  title = {GNC: al volante de un viaje espacial},
  year = {2023},
  organization = {Colibri Mission},
  url = {https://www.colibrimission.com/post/gnc-al-volante-de-un-viaje-espacial},
  urldate = {2024-07-16}
}
@online{Ortega2021,
  author = {Dr. Guillermo Ortega},
  title = {Sistemas de guiado, navegación y control para las misiones de la ESA},
  year = {2021},
  organization = {Universidad Carlos III de Madrid},
  url = {https://media.uc3m.es/video/5b3012c78f420863d08b81ad},
  urldate = {2024-07-16}
}
@online{MathWorks2024,
  title = {MATLAB y Simulink para sistemas espaciales},
  year = {2024},
  organization = {MathWorks},
  url = {https://la.mathworks.com/solutions/aerospace-defense/space-systems.html},
  urldate = {2024-07-16}
}
@online{Romano2013,
  title = {Sistema Inyección Romano ANTONIO},
  year = {2013},
  organization = {Romano Autogas},
  url = {https://www.romanoautogas.eu/images/RomanoECU-esp.pdf},
  urldate = {2024-07-16}
}
@online{MathWorks2024,
  title = {Spanish Model-Based Design for Space Control Systems},
  year = {2024},
  organization = {MathWorks},
  url = {https://la.mathworks.com/content/dam/mathworks/white-paper/es-mbd-for-space-controls-white-paper.pdf},
  urldate = {2024-07-16}
}

@online{Carmatec2021,
  title = {Los 5 componentes principales de los SIG y su importancia},
  year = {2021},
  organization = {Carmatec},
  url = {https://www.carmatec.com/es_mx/blog/los-5-componentes-principales-de-los-sig-y-su-importancia/},
  urldate = {2024-07-16}
}

@online{StudySmarter2023,
  title = {Software de naves espaciales},
  year = {2023},
  organization = {StudySmarter},
  url = {https://www.studysmarter.es/resumenes/ingenieria/ingenieria-aeroespacial/software-de-naves-espaciales/},
  urldate = {2024-07-16}
}

@online{Colmenarejo2024,
  author = {P. Colmenarejo Matellano},
  title = {Dirigir un satélite con tecnologías GNC},
  year = {2024},
  organization = {GMV},
  url = {https://www.gmv.com/es-es/node/2432/printable/print},
  urldate = {2024-07-16}
}
@online{Colmenarejo2022,
  author = {P. Colmenarejo Matellano},
  title = {Sistemas GNC y asteroides},
  year = {2022},
  organization = {GMV},
  url = {https://www.gmv.com/es-es/node/5818/printable/print},
  urldate = {2024-07-16}
}

@article{Balaram2008,
  author = {J. Balaram},
  title = {Guidance, navigation, and control system design for a Mars airplane},
  journal = {Acta Astronautica},
  volume = {63},
  number = {1-4},
  pages = {285-299},
  year = {2008},
  url = {https://www.sciencedirect.com/science/article/abs/pii/S0273117707009143},
  urldate = {2024-07-16}
}

@online{Pedrotty2019,
  author = {S. Pedrotty and J. Sullivan and E. Gambone and T. Kirven},
  title = {Seeker Free-Flying Inspector GNC System Overview},
  year = {2019},
  organization = {NASA Johnson Space Center},
  note = {AAS 19-156, Feb. 2019},
  url = {https://ntrs.nasa.gov/citations/20190000668},
  urldate = {2024-07-16}
}

@inproceedings{Furfaro1997,
  author = {R. Furfaro and J. Guo and M. Darrah},
  title = {Guidance, Navigation, and Control Architectures for Planetary Aerial Vehicles},
  booktitle = {AIAA Atmospheric Flight Mechanics Conference},
  year = {1997},
  address = {New Orleans, LA},
  url = {https://arc.aiaa.org/doi/abs/10.2514/6.1997-1465},
  urldate = {2024-07-16}
}
@article{Bouabdallah2009,
  author = {S. Bouabdallah and R. Siegwart},
  title = {Guidance, navigation and control of a quadrotor aerial vehicle},
  journal = {Robotics and Autonomous Systems},
  volume = {57},
  number = {9},
  pages = {903-912},
  year = {2009},
  url = {https://www.sciencedirect.com/science/article/abs/pii/S0376042119300740},
  urldate = {2024-07-16}
}

@online{TecCR2023_MUSA,
  title = {Vuelo suborbital sirvió para validar el desempeño de sistemas del proyecto MUSA},
  year = {2023},
  month = {Mar},
  day = {21},
  organization = {Tecnológico de Costa Rica},
  url = {https://www.tec.ac.cr/hoyeneltec/2023/03/21/vuelo-suborbital-sirvio-validar-desempeno-sistemas-proyecto-musa},
  urldate = {2024-07-16}
}

@online{TecCR2023_Satelite,
  title = {Artículo describe éxito del primer satélite de Costa Rica},
  year = {2023},
  month = {Dec},
  day = {08},
  organization = {Tecnológico de Costa Rica},
  url = {https://www.tec.ac.cr/hoyeneltec/2023/12/08/articulo-describe-exito-primer-satelite-costa-rica},
  urldate = {2024-07-16}
}
