%%%%% Intel One API 
@article{martinez2022applying,
  title={Applying Intel's oneAPI to a machine learning case study},
  author={Mart{\'\i}nez, Pablo Antonio and Peccerillo, Biagio and Bartolini, Sandro and Garc{\'\i}a, Jos{\'e} Manuel and Bernab{\'e}, Gregorio},
  journal={Concurrency and Computation: Practice and Experience},
  volume={34},
  number={13},
  pages={e6917},
  year={2022},
  publisher={Wiley Online Library}
}

@inproceedings{costanzo2022migrating,
  title={Migrating cuda to oneapi: A smith-waterman case study},
  author={Costanzo, Manuel and Rucci, Enzo and Garc{\'\i}a-S{\'a}nchez, Carlos and Naiouf, Marcelo and Prieto-Mat{\'\i}as, Manuel},
  booktitle={International Work-Conference on Bioinformatics and Biomedical Engineering},
  pages={103--116},
  year={2022},
  organization={Springer}
}

@inproceedings{zubair2023optimization,
  title={Optimization of Ported CFD Kernels on Intel Data Center GPU Max 1550 using oneAPI ESIMD},
  author={Zubair, Mohammad and Walden, Aaron and Nastac, Gabriel and Nielsen, Eric and Bauinger, Christoph and Zhu, Xiao},
  booktitle={Proceedings of the SC'23 Workshops of The International Conference on High Performance Computing, Network, Storage, and Analysis},
  pages={1705--1712},
  year={2023}
}

@inproceedings{nozal2021exploiting,
  title={Exploiting co-execution with oneAPI: heterogeneity from a modern perspective},
  author={Nozal, Ra{\'u}l and Bosque, Jose Luis},
  booktitle={Euro-Par 2021: Parallel Processing: 27th International Conference on Parallel and Distributed Computing, Lisbon, Portugal, September 1--3, 2021, Proceedings 27},
  pages={501--516},
  year={2021},
  organization={Springer}
}

@inproceedings{krainiuk2021oneapi,
  title={oneAPI open-source math library interface},
  author={Krainiuk, Mariia and Goli, Mehdi and Pascuzzi, Vincent R},
  booktitle={2021 International Workshop on Performance, Portability and Productivity in HPC (P3HPC)},
  pages={22--32},
  year={2021},
  organization={IEEE}
}

@inproceedings{alaswad2023investigating,
  title={Investigating the superiority of Intel oneAPI IFX compiler on Intel CPUs using different optimization levels: A case study on a CFD system},
  author={Alaswad, Feisal and Eswaran, Poovammal},
  booktitle={2023 4th IEEE Global Conference for Advancement in Technology (GCAT)},
  pages={1--9},
  year={2023},
  organization={IEEE}
}

@article{naizhang2022intel,
  title={Intel{\textregistered} oneAPI Base Toolkit Helps SonoScape Optimize the Performance of its S-Fetus 4.0 Obstetric Screening Assistant},
  author={Naizhang Feng, Guoyi Zhou and others},
  journal={ADVANCED ULTRASOUND IN DIAGNOSIS AND THERAPY},
  volume={6},
  number={4},
  pages={238--244},
  year={2022}
}


%%%% Aprendizaje Automatico

@misc{moreno1994aprendizaje,
  title={Aprendizaje autom{\'a}tico},
  author={Moreno, Antonio and Armengol, Eva and B{\'e}jar Alonso, Javier and Belanche Mu{\~n}oz, Luis Antonio and Cort{\'e}s Garc{\'\i}a, Claudio Ulises and Gavald{\`a} Mestre, Ricard and Gimeno, Juan Manuel and Mart{\'\i}n Mu{\~n}oz, Mario and S{\`a}nchez-Marr{\`e}, Miquel},
  year={1994},
  publisher={Edicions UPC}
}

%Refpastprojs
@MISC{SIPLab,
  author = "SIPLab",
  howpublished = "\url{http://www.ie.tec.ac.cr/palvarado/pmwiki/index.php/Main/HomePage.}"
}

@BOOK{Elescano,
  title  = "Sistemas de Control Automatico {I-} Teor{\i}a y problemas aplicativos",
  author = "Elescano, A and Julian-Laime, E",
  publisher = {n.p.},
  year   =  2018
}


@BOOK{Perez,
  title   = "Introducci{\'o}n a los sistemasde control y modelo matem{\'a}tico para sistemas lineales invariantes en el tiempo",
  author  = "P{\'e}rez, M and P{\'e}rez Hidalgo Y, A and P{\'e}rez, E",
  year    =  2008,
  publisher = {n.p.},
  address = "Argentina"
}

@ARTICLE{Corvacho,
  title   = "Diseno e implementaci{\'o}n de un sistema de inmersi{\'o}ntemporal automatizado para cultivos de ar{\'a}ndano y pina en los laboratorios de Nutriarandanos",
  author  = "C{\'a}rdenas, Corvacho",
  journal = "A. C",
  year    =  2019
}

@BOOK{5_dq,
  title  = "Modelado de sistemas din{\'a}micos usando redes neuronalesrecurrentes profundas, Tesis doct., Centro de investigaci{\'o}n y estudios avanzadosdel instituto politdin{\'e}cnico nacional, M{\'e}xico",
  author = "Godoy, Gonz{\'a}lez",
  publisher = {n.p.},
  year   =  2019
}

@ARTICLE{6_hg,
  title   = "Schweiger y col., Constructing neural networkbased models for simulating dynamical systems",
  author  = "Legaard, C and Schranz, T",
  journal = "ACM Computing Surveys",
  publisher = {n.p.},
  volume  =  1
}

@BOOK{7_vw,
  title  = "Sistemas no lineales, Departamento de Electr{\'o}nica",
  author = "Ser{\'o}n, M M and Braslavsky, J H",
  publisher = {n.p.},
  year   =  2000
}

@BOOK{8_xl,
  title   = "Aplicaci{\'o}n del control adaptativo aprocesos industriales tipo {SISO''}, Tesis para especializaci{\'o}n en Instrumentaci{\'o}n y Control Industrial",
  author  = "G{\'o}mez Mart{\'\i}nez Y, J and Mendoza Avedano, G",
  year    =  2009,
  publisher = {n.p.},
  address = "Bucaramanga, Colombia"
}

@BOOK{9_jp,
  title   = "Diseno e implementaci{\'o}n de un controlador basado en redes neuronales con entrenamiento r{\'a}pido para sistemas de control 2x2,)) Tesisdemtr{\'\i}a",
  author  = "Jurado, E Sarmiento",
  year    =  2006,
  publisher = {n.p.},
  address = "Barranquilla, Colombia"
}

@MISC{10_bs,
  howpublished = "\url{https://doi.org/10.48550/arXiv.2102.10021.16Tecnol{\'o}gico}",
  publisher = {n.p.},
  note         = "Accessed: 2024-1-17"
}

@ARTICLE{11_qr,
  title   = "Identificaci{\'o}n de sistemas din{\'a}micos utilizando redes neuronales",
  author  = "Gil, R and P{\'a}ez, D Gachet",
  journal = "Revista Iberoamericana de Autom{\'a}tica e
             Inform{\'a}ticaIndustrial",
  pages   = "1697--7912",
  year    =  2007
}


@ARTICLE{12_iu,
  title   = "Redes neuronales multimodelo aplicadas al control de sistemas",
  author  = "Caravaca, S Torrubia",
  journal = "Universidad Aut{\'o}noma de Barcelona, Espa ̃na",
  year    =  2010
}

@BOOK{13_se,
  title   = "Aprendizaje por refuerzo para control de sistemas din{\'a}micos'',tesis por el t{\'\i}tulo de Ingeniero Mecatr{\'o}nico",
  author  = "Latorre, A Diaz",
  year    =  2019,
  publisher = {n.p.},
  address = "Santiago de Cali, Colombia"
}

@ARTICLE{14_mo,
  title     = "Reinforcement learning for control: Performance, stability, and 0deep approximators",
  author    = "Bu{\c s}oniu, Lucian and de Bruin, Tim and Toli{\'c}, Domagoj
               and Kober, Jens and Palunko, Ivana",
  journal   = "Annu. Rev. Control",
  publisher = "Elsevier BV",
  volume    =  46,
  pages     = "8--28",
  year      =  2018,
  language  = "en"
}

@ARTICLE{15_tec,
  title   = "Diseño e implementaci{\'o}n de un sistema que simule el comportamiento din{\'a}mico de una planta prototipo de control autom{\'a}tico utilizando redes neuronales ",
  author  = "Jorge Andr{\'e}s Brenes Alfaro",
  journal = "Tecnologico de Costa Rica",
  year    =  2022
}

%%Algunos nuevos y mejoradas referencias
@book{kuo1996sistemas,
  title={Sistemas de control autom{\'a}tico},
  author={Kuo, Benjamin C},
  year={1996},
  publisher={Pearson Educaci{\'o}n}
}

@article{alonso2010panoramica,
  title={Una panor{\'a}mica de los Sistemas de Tiempo Real},
  author={Alonso, Alejandro and Crespo Lorente, Alfons},
  journal={Revista Iberoamericana de Autom{\'a}tica e Inform{\'a}tica Industrial},
  volume={3},
  number={2},
  pages={7--18},
  year={2010},
  publisher={Universitat Polit{\`e}cnica de Val{\`e}ncia}
}
@misc{de2000introduccion,
  title={Introducci{\'o}n a los Sistemas en Tiempo Real},
  author={De la Puente, Juan Antonio},
  year={2000},
  publisher={Universidad Polit{\'e}cnica de Madrid}
}

%%HW accel CLOSE

@article{deng2020model,
  title={Model compression and hardware acceleration for neural networks: A comprehensive survey},
  author={Deng, Lei and Li, Guoqi and Han, Song and Shi, Luping and Xie, Yuan},
  journal={Proceedings of the IEEE},
  volume={108},
  number={4},
  pages={485--532},
  year={2020},
  publisher={IEEE}
}

@inproceedings{zhao2017hardware,
  title={Hardware acceleration for machine learning},
  author={Zhao, Ruizhe and Luk, Wayne and Niu, Xinyu and Shi, Huifeng and Wang, Haitao},
  booktitle={2017 IEEE computer society annual symposium on VLSI (ISVLSI)},
  pages={645--650},
  year={2017},
  organization={IEEE}
}

@inproceedings{duato2011enabling,
  title={Enabling CUDA acceleration within virtual machines using rCUDA},
  author={Duato, Jose and Pena, Antonio J and Silla, Federico and Fernandez, Juan C and Mayo, Rafael and Quintana-Orti, Enrique S},
  booktitle={2011 18th International Conference on High Performance Computing},
  pages={1--10},
  year={2011},
  organization={IEEE}
}

@article{shi2011vcuda,
  title={vCUDA: GPU-accelerated high-performance computing in virtual machines},
  author={Shi, Lin and Chen, Hao and Sun, Jianhua and Li, Kenli},
  journal={IEEE Transactions on Computers},
  volume={61},
  number={6},
  pages={804--816},
  year={2011},
  publisher={IEEE}
}
%%%% HW accel OPEN
@book{scarpino2011opencl,
  title={OpenCL in action: how to accelerate graphics and computations},
  author={Scarpino, Matthew},
  year={2011},
  publisher={Simon and Schuster}
}

@inproceedings{owaida2011massively,
  title={Massively parallel programming models used as hardware description languages: The OpenCL case},
  author={Owaida, Muhsen and Bellas, Nikolaos and Antonopoulos, Christos D and Daloukas, Konstantis and Antoniadis, Charalambos},
  booktitle={2011 IEEE/ACM International Conference on Computer-Aided Design (ICCAD)},
  pages={326--333},
  year={2011},
  organization={IEEE}
}

@inproceedings{meyer2020evaluating,
  title={Evaluating FPGA accelerator performance with a parameterized OpenCL adaptation of selected benchmarks of the HPCChallenge benchmark suite},
  author={Meyer, Marius and Kenter, Tobias and Plessl, Christian},
  booktitle={2020 IEEE/ACM International Workshop on Heterogeneous High-performance Reconfigurable Computing (H2RC)},
  pages={10--18},
  year={2020},
  organization={IEEE}
}

@techreport{verma2016accelerating,
  title={Accelerating workloads on fpgas via opencl: A case study with opendwarfs},
  author={Verma, Anshuman and Helal, Ahmed E and Krommydas, Konstantinos and Feng, Wu-Chun},
  year={2016},
  institution={Department of Computer Science, Virginia Polytechnic Institute \& State~…}
}

%% Just SW accel and real time 
@article{galan2000control,
  title={Control inteligente},
  author={Gal{\'a}n, Ram{\'o}n and Jim{\'e}nez, Agust{\'\i}n and Sanz, Ricardo and Mat{\'\i}a, Fernando},
  journal={Inteligencia Artificial. Revista Iberoamericana de Inteligencia Artificial},
  volume={4},
  number={10},
  pages={43--48},
  year={2000},
  publisher={Asociaci{\'o}n Espa{\~n}ola para la Inteligencia Artificial}
}

@inproceedings{razdan1994prisc,
  title={PRISC software acceleration techniques},
  author={Razdan, Rahul and Brace, Karl and Smith, Michael D},
  booktitle={Proceedings 1994 IEEE International Conference on Computer Design: VLSI in Computers and Processors},
  pages={145--149},
  year={1994},
  organization={IEEE}
}

@article{kim1994software,
  title={Software acceleration/deceleration methods for industrial robots and CNC machine tools},
  author={Kim, Dong-Il and Jeon, Jae Wook and Kim, Sungkwun},
  journal={Mechatronics},
  volume={4},
  number={1},
  pages={37--53},
  year={1994},
  publisher={Elsevier}
}

@phdthesis{munoz1994extensiones,
  title={Extensiones a los m{\'e}todos de planificaci{\'o}n de sistemas de tiempo real cr{\'\i}ticos basados en prioridades},
  author={Mu{\~n}oz, Alejandro Alonso},
  year={1994},
  school={Universidad Polit{\'e}cnica de Madrid}
}