@article{moghaddam2021guidance,
  title={On the guidance, navigation and control of in-orbit space robotic missions: A survey and prospective vision},
  author={Moghaddam, Borna Monazzah and Chhabra, Robin},
  journal={Acta Astronautica},
  volume={184},
  pages={70--100},
  year={2021},
  publisher={Elsevier}
}

@article{zhang2021guidance,
  title={Guidance navigation and control for Chang’E-5 powered descent},
  author={Zhang, Honghua and Li, Ji and Wang, Zeguo and Guan, Yifeng},
  journal={Space: Science \& Technology},
  year={2021},
  publisher={AAAS}
}

@article{karimi2021guidance,
  title={Guidance and control methodologies for marine vehicles: A survey},
  author={Karimi, Hamid Reza and Lu, Yanyang},
  journal={Control Engineering Practice},
  volume={111},
  pages={104785},
  year={2021},
  publisher={Elsevier}
}

@inproceedings{hewing2023enhancing,
  title={Enhancing the Guidance, Navigation and Control of Autonomous Parafoils using Machine Learning Methods},
  author={Hewing, Lukas and Gramlich, Dennis and Verhoek, C and Veenman, Joost and Polonio, Rafael and Ardura, Carlos and T{\'o}th, Roland and Ebenbauer, Christian and Scherer, Carsten W and Preda, Valentin},
  booktitle={12th International Conference on Guidance, Navigation \& Control Systems},
  pages={1--15},
  year={2023}
}

@article{chai2021review,
  title={Review of advanced guidance and control algorithms for space/aerospace vehicles},
  author={Chai, Runqi and Tsourdos, Antonios and Savvaris, Al and Chai, Senchun and Xia, Yuanqing and Chen, CL Philip},
  journal={Progress in Aerospace Sciences},
  volume={122},
  pages={100696},
  year={2021},
  publisher={Elsevier}
}

@phdthesis{bitlmal2024guidance,
  title={Guidance Navigation and Control for a Mobile Robot using Vision System and Adaptive Particle Filter},
  author={Bitlmal, Alatresh and Ahmed, Hamdan},
  year={2024},
  school={Carleton University}
}

@article{bai2023vision,
  title={Vision-based navigation and guidance for agricultural autonomous vehicles and robots: A review},
  author={Bai, Yuhao and Zhang, Baohua and Xu, Naimin and Zhou, Jun and Shi, Jiayou and Diao, Zhihua},
  journal={Computers and Electronics in Agriculture},
  volume={205},
  pages={107584},
  year={2023},
  publisher={Elsevier}
}

@article{qinghua2023navigation,
  title={Navigation, Guidance and Control Technology of Mars Exploration Orbiter Tianwen-1},
  author={Qinghua, ZHU and Weihua, WANG and Fucheng, LIU and Xunjiang, ZHENG and Qinbo, NIE},
  journal={Journal of Deep Space Exploration},
  volume={10},
  number={1},
  pages={11--18},
  year={2023},
  publisher={《 深空探测学报》 编辑部}
}

@article{wang2022deep,
  title={Deep reinforcement learning-based impact time control guidance law with constraints on the field-of-view},
  author={Wang, Ningyu and Wang, Xiaogang and Cui, Naigang and Li, Yu and Liu, Binbin},
  journal={Aerospace Science and Technology},
  volume={128},
  pages={107765},
  year={2022},
  publisher={Elsevier}
}

@article{gandhiterminal,
  title={Terminal Descent Guidance Navigation and Control Design for a Lunar Lander},
  author={Gandhi, Vivek Raghavan7 P}
}

@online{Colmenarejo2024,
  author = {P. Colmenarejo Matellano},
  title = {Dirigir un satélite con tecnologías GNC},
  year = {2024},
  organization = {GMV},
  url = {https://www.gmv.com/es-es/node/2432/printable/print},
  urldate = {2024-07-16}
}

@online{AEM2017,
  title = {Introducción a la Ingeniería de Sistemas Espaciales},
  year = {2017},
  organization = {Agencia Espacial Mexicana},
  url = {https://www.educacionespacial.aem.gob.mx/images/convocatorias/images/mem17/04Introducion_ala_ISE.pdf},
  urldate = {2024-07-16}
}


@online{Gutierrez2022,
  author = {A. Gutiérrez},
  title = {Análisis de los sistemas GNC para UAS de clase I y II},
  year = {2022},
  organization = {Grupo Oesía},
  url = {https://grupooesia.com/insight/analisis-de-los-sistemas-gnc-para-uas-de-clase-i-y-ii/},
  urldate = {2024-07-16}
}

@online{Ortega2021,
  author = {Dr. Guillermo Ortega},
  title = {Sistemas de guiado, navegación y control para las misiones de la ESA},
  year = {2021},
  organization = {Universidad Carlos III de Madrid},
  url = {https://media.uc3m.es/video/5b3012c78f420863d08b81ad},
  urldate = {2024-07-16}
}


@online{Colmenarejo2022,
  author = {P. Colmenarejo Matellano},
  title = {Sistemas GNC y asteroides},
  year = {2022},
  organization = {GMV},
  url = {https://www.gmv.com/es-es/node/5818/printable/print},
  urldate = {2024-07-16}
}

@online{TecCR2023_MUSA,
  title = {Vuelo suborbital sirvió para validar el desempeño de sistemas del proyecto MUSA},
  year = {2023},
  month = {Mar},
  day = {21},
  organization = {Tecnológico de Costa Rica},
  url = {https://www.tec.ac.cr/hoyeneltec/2023/03/21/vuelo-suborbital-sirvio-validar-desempeno-sistemas-proyecto-musa},
  urldate = {2024-07-16}
}

@online{TecCR2023_Satelite,
  title = {Artículo describe éxito del primer satélite de Costa Rica},
  year = {2023},
  month = {Dec},
  day = {08},
  organization = {Tecnológico de Costa Rica},
  url = {https://www.tec.ac.cr/hoyeneltec/2023/12/08/articulo-describe-exito-primer-satelite-costa-rica},
  urldate = {2024-07-16}
}

@inproceedings{Furfaro1997,
  author = {R. Furfaro and J. Guo and M. Darrah},
  title = {Guidance, Navigation, and Control Architectures for Planetary Aerial Vehicles},
  booktitle = {AIAA Atmospheric Flight Mechanics Conference},
  year = {1997},
  address = {New Orleans, LA},
  url = {https://arc.aiaa.org/doi/abs/10.2514/6.1997-1465},
  urldate = {2024-07-16}
}
@article{Bouabdallah2009,
  author = {S. Bouabdallah and R. Siegwart},
  title = {Guidance, navigation and control of a quadrotor aerial vehicle},
  journal = {Robotics and Autonomous Systems},
  volume = {57},
  number = {9},
  pages = {903-912},
  year = {2009},
  url = {https://www.sciencedirect.com/science/article/abs/pii/S0376042119300740},
  urldate = {2024-07-16}
}

@article{Balaram2008,
  author = {J. Balaram},
  title = {Guidance, navigation, and control system design for a Mars airplane},
  journal = {Acta Astronautica},
  volume = {63},
  number = {1-4},
  pages = {285-299},
  year = {2008},
  url = {https://www.sciencedirect.com/science/article/abs/pii/S0273117707009143},
  urldate = {2024-07-16}
}

@online{MathWorks2024_ss,
  title = {MATLAB y Simulink para sistemas espaciales},
  year = {2024},
  organization = {MathWorks},
  url = {https://la.mathworks.com/solutions/aerospace-defense/space-systems.html},
  urldate = {2024-07-16}
}
@online{MathWorks2024,
  title = {Model-Based Design for Space Control Systems},
  year = {2024},
  organization = {MathWorks},
  url = {https://la.mathworks.com/content/dam/mathworks/white-paper/es-mbd-for-space-controls-white-paper.pdf},
  urldate = {2024-07-16}
}

@article{mihalivc2022hardware,
  title={Hardware-in-the-loop simulations: A historical overview of engineering challenges},
  author={Mihali{\v{c}}, Franc and Trunti{\v{c}}, Mitja and Hren, Alenka},
  journal={Electronics},
  volume={11},
  number={15},
  pages={2462},
  year={2022},
  publisher={MDPI}
}

@article{montoya2020advanced,
  title={Advanced laboratory testing methods using real-time simulation and hardware-in-the-loop techniques: A survey of smart grid international research facility network activities},
  author={Montoya, Juan and Brandl, Ron and Vishwanath, Keerthi and Johnson, Jay and Darbali-Zamora, Rachid and Summers, Adam and Hashimoto, Jun and Kikusato, Hiroshi and Ustun, Taha Selim and Ninad, Nayeem and others},
  journal={Energies},
  volume={13},
  number={12},
  pages={3267},
  year={2020},
  publisher={MDPI}
}